@article{yang_2019_ict,
  author = {Yang, Ting},
  pages = {205-230},
  title = {ICT technologies standards and protocols for active distribution network},
  doi = {10.1016/b978-0-12-812154-2.00010-9},
  url = {https://www.sciencedirect.com/science/article/pii/B9780128121542000109},
  urldate = {2022-05-06},
  year = {2019},
  journal = {Smart Power Distribution Systems}
}

@misc{wikipediacontributors_2022_scada,
  author = {Wikipedia Contributors},
  month = {03},
  publisher = {Wikimedia Foundation},
  title = {SCADA},
  url = {https://en.wikipedia.org/wiki/SCADA},
  urldate = {2022-05-06},
  year = {2022},
  organization = {Wikipedia}
}

@article{ruscio_2012_discrete,
  author = {Ruscio, Di},
  pages = {35-44},
  title = {Discrete LQ optimal control with integral action: A simple controller on incremental form for MIMO systems},
  url = {https://www.mic-journal.no/ABS/MIC-2012-2-1.asp/},
  urldate = {2022-05-06},
  volume = {33},
  year = {2012},
  journal = {Mic-journal.no}
}

@article{mims_2017, title={Cyber-Attack Process}, url={https://www.sciencedirect.com/science/article/pii/B9780128038437000843}, DOI={10.1016/b978-0-12-803843-7.00084-3}, journal={Computer and Information Security Handbook}, author={Mims, Nailah}, year={2017}, pages={1105â€“1116} }